00592cas a22002291a 4500
001 999293113502836
003 Nz
005 20220128090028.0
008 040105c19889999nz wr ne      0   a0eng d
035    $a (NLNZils)929311
035    $a (Nz)8160091
035    $a (NLNZils)929311-ilsdb
035    $a (OCoLC)173421615
040    $a WN $c WN
042    $a nznb
043    $a u-nz---
245 00 $a Kapiti mail.
260    $a [Paraparaumu, N.Z. : $b s.n., $c 1988-]
310    $a Weekly
362 0  $a 1988 Apr.20-
651  0 $a Kapiti Coast District (N.Z.) $v Newspapers.
655  7 $a New Zealand newspapers. $2 local $5 Nz
